<collection xmlns="http://www.loc.gov/MARC21/slim"><record><leader>00909nam  2200265   450</leader><controlfield tag="001">935</controlfield><controlfield tag="003">http://montalegre.opacnet.com/OPAC/default.aspx?ContentAreaControl=ShowRegHoldings.ascx&amp;RegNo=16662</controlfield><datafield tag="100" ind1=" " ind2=" "><subfield code="a">20061013d1983    m  y0pora0103    ba</subfield></datafield><datafield tag="101" ind1="1" ind2=" "><subfield code="a">por</subfield><subfield code="c">eng</subfield></datafield><datafield tag="102" ind1=" " ind2=" "><subfield code="a">PT</subfield></datafield><datafield tag="200" ind1="1" ind2=" "><subfield code="a">Noites antigas</subfield><subfield code="f">Norman Mailer</subfield><subfield code="g">tradução de Teixeira de Aguilar</subfield></datafield><datafield tag="210" ind1=" " ind2=" "><subfield code="a">Mem Martins</subfield><subfield code="c">Europa-América</subfield><subfield code="d">cop. 1983</subfield></datafield><datafield tag="215" ind1=" " ind2=" "><subfield code="a">vol.</subfield><subfield code="d">21 cm</subfield></datafield><datafield tag="225" ind1="2" ind2=" "><subfield code="a">Século XX</subfield><subfield code="v">232, 233</subfield></datafield><datafield tag="300" ind1=" " ind2=" "><subfield code="a">Tít. orig.: Ancients evenings</subfield></datafield><datafield tag="327" ind1="1" ind2=" "><subfield code="a">Vol. 1: 427 p.</subfield><subfield code="a">Vol. 2: 339 p.</subfield></datafield><datafield tag="606" ind1=" " ind2=" "><subfield code="a">Literatura americana</subfield></datafield><datafield tag="608" ind1=" " ind2=" "><subfield code="a">Novela</subfield></datafield><datafield tag="675" ind1=" " ind2=" "><subfield code="a">821</subfield></datafield><datafield tag="700" ind1=" " ind2="1"><subfield code="a">Mailer</subfield><subfield code="b">Norman</subfield><subfield code="f">1923-</subfield></datafield><datafield tag="702" ind1=" " ind2="1"><subfield code="a">Aguilar</subfield><subfield code="b">Teixeira de</subfield><subfield code="4">730</subfield></datafield><datafield tag="801" ind1=" " ind2="0"><subfield code="a">PT</subfield><subfield code="b">Biblioteca Municipal de Montalegre</subfield><subfield code="g">RPC</subfield></datafield><datafield tag="856" ind1=" " ind2=" "><subfield code="u">locateMedia.asp?cod=20060703085531&amp;ext=jpg</subfield><subfield code="z">CAPA</subfield></datafield><datafield tag="856" ind1=" " ind2=" "><subfield code="u">locateMedia.asp?cod=20060703085543&amp;ext=jpg</subfield><subfield code="z">CAPA</subfield></datafield><datafield tag="909" ind1="&#9;" ind2=" "><subfield code="a">2</subfield></datafield><datafield tag="966" ind1=" " ind2=" "><subfield code="a">0009043</subfield><subfield code="l">BMM</subfield><subfield code="s">SCG 821 MAI noi 232</subfield></datafield><datafield tag="966" ind1=" " ind2=" "><subfield code="a">0009031</subfield><subfield code="l">BMM</subfield><subfield code="s">SCG 821 MAI noi 233</subfield></datafield></record></collection>